	\begin{document}
	
	@article{	article,
			author = {Bojarski, Mariusz and Testa, Davide and Dworakowski, Daniel and Firner, Bernhard and Flepp, Beat and Goyal, Prasoon and Jackel, Larry and Monfort, Mathew and Muller, Urs and Zhang, Jiakai and Zhang, Xin and Zhao, Jake and Zieba, Karol},
			year = {2016},
			month = {04},
			pages = {},
			title = {End to End Learning for Self-Driving Cars}
	}

	@article{ 	article2,
			author = {Kasten, Markus and Schwalb, Luk and Stehr, Morten},
			year = {2020},
			pages = {},
			title = {Miniaturautonomie im H0-Ma√üstab}
	}

	@Misc{	miwula,
			title = {Miniatur Wunderland},
			url = {https://www.miniatur-wunderland.de/},
			key = {mwl}
	}


	
	\end{document}